{"symbol": "ALK", "annualReports": [{"fiscalDateEnding": "2020-12-31", "reportedCurrency": "USD", "grossProfit": "-1425000000", "totalRevenue": "3566000000", "costOfRevenue": "4991000000", "costofGoodsAndServicesSold": "1441000000", "operatingIncome": "-1775000000", "sellingGeneralAndAdministrative": "908000000", "researchAndDevelopment": "None", "operatingExpenses": "5341000000", "investmentIncomeNet": "31000000", "netInterestIncome": "-98000000", "interestIncome": "31000000", "interestExpense": "98000000", "nonInterestIncome": "None", "otherNonOperatingIncome": "17000000", "depreciation": "None", "depreciationAndAmortization": "420000000", "incomeBeforeTax": "-1840000000", "incomeTaxExpense": "-516000000", "interestAndDebtExpense": "98000000", "netIncomeFromContinuingOperations": "-1324000000", "comprehensiveIncomeNetOfTax": "-1353000000", "ebit": "-1742000000", "ebitda": "-1333000000", "netIncome": "-1324000000"}, {"fiscalDateEnding": "2019-12-31", "reportedCurrency": "USD", "grossProfit": "2375000000", "totalRevenue": "8781000000", "costOfRevenue": "6406000000", "costofGoodsAndServicesSold": "2740000000", "operatingIncome": "1063000000", "sellingGeneralAndAdministrative": "1252000000", "researchAndDevelopment": "None", "operatingExpenses": "7718000000", "investmentIncomeNet": "42000000", "netInterestIncome": "-78000000", "interestIncome": "42000000", "interestExpense": "78000000", "nonInterestIncome": "None", "otherNonOperatingIncome": "-26000000", "depreciation": "None", "depreciationAndAmortization": "423000000", "incomeBeforeTax": "1016000000", "incomeTaxExpense": "247000000", "interestAndDebtExpense": "78000000", "netIncomeFromContinuingOperations": "769000000", "comprehensiveIncomeNetOfTax": "752000000", "ebit": "1094000000", "ebitda": "1502000000", "netIncome": "769000000"}, {"fiscalDateEnding": "2018-12-31", "reportedCurrency": "USD", "grossProfit": "2030000000", "totalRevenue": "8264000000", "costOfRevenue": "6234000000", "costofGoodsAndServicesSold": "2750000000", "operatingIncome": "643000000", "sellingGeneralAndAdministrative": "1207000000", "researchAndDevelopment": "None", "operatingExpenses": "7621000000", "investmentIncomeNet": "38000000", "netInterestIncome": "-91000000", "interestIncome": "38000000", "interestExpense": "91000000", "nonInterestIncome": "None", "otherNonOperatingIncome": "-23000000", "depreciation": "None", "depreciationAndAmortization": "398000000", "incomeBeforeTax": "585000000", "incomeTaxExpense": "148000000", "interestAndDebtExpense": "91000000", "netIncomeFromContinuingOperations": "437000000", "comprehensiveIncomeNetOfTax": "431000000", "ebit": "676000000", "ebitda": "1056000000", "netIncome": "437000000"}, {"fiscalDateEnding": "2017-12-31", "reportedCurrency": "USD", "grossProfit": "-5418000000", "totalRevenue": "7894000000", "costOfRevenue": "5418000000", "costofGoodsAndServicesSold": "2376000000", "operatingIncome": "1208000000", "sellingGeneralAndAdministrative": "2924000000", "researchAndDevelopment": "None", "operatingExpenses": "6686000000", "investmentIncomeNet": "34000000", "netInterestIncome": "-103000000", "interestIncome": "34000000", "interestExpense": "103000000", "nonInterestIncome": "None", "otherNonOperatingIncome": "3000000", "depreciation": "None", "depreciationAndAmortization": "372000000", "incomeBeforeTax": "1159000000", "incomeTaxExpense": "199000000", "interestAndDebtExpense": "103000000", "netIncomeFromContinuingOperations": "1034000000", "comprehensiveIncomeNetOfTax": "885000000", "ebit": "1262000000", "ebitda": "1665000000", "netIncome": "960000000"}, {"fiscalDateEnding": "2016-12-31", "reportedCurrency": "USD", "grossProfit": "-3491000000", "totalRevenue": "5925000000", "costOfRevenue": "3491000000", "costofGoodsAndServicesSold": "1391000000", "operatingIncome": "1306000000", "sellingGeneralAndAdministrative": "1983000000", "researchAndDevelopment": "None", "operatingExpenses": "4619000000", "investmentIncomeNet": "27000000", "netInterestIncome": "-55000000", "interestIncome": "27000000", "interestExpense": "55000000", "nonInterestIncome": "None", "otherNonOperatingIncome": "13000000", "depreciation": "None", "depreciationAndAmortization": "363000000", "incomeBeforeTax": "1316000000", "incomeTaxExpense": "519000000", "interestAndDebtExpense": "55000000", "netIncomeFromContinuingOperations": "814000000", "comprehensiveIncomeNetOfTax": "795000000", "ebit": "1371000000", "ebitda": "1738000000", "netIncome": "797000000"}], "quarterlyReports": [{"fiscalDateEnding": "2021-09-30", "reportedCurrency": "USD", "grossProfit": "676000000", "totalRevenue": "1926000000", "costOfRevenue": "1250000000", "costofGoodsAndServicesSold": "581000000", "operatingIncome": "258000000", "sellingGeneralAndAdministrative": "91000000", "researchAndDevelopment": "None", "operatingExpenses": "1695000000", "investmentIncomeNet": "6000000", "netInterestIncome": "-27000000", "interestIncome": "6000000", "interestExpense": "27000000", "nonInterestIncome": "1953000000", "otherNonOperatingIncome": "8000000", "depreciation": "None", "depreciationAndAmortization": "99000000", "incomeBeforeTax": "245000000", "incomeTaxExpense": "51000000", "interestAndDebtExpense": "27000000", "netIncomeFromContinuingOperations": "194000000", "comprehensiveIncomeNetOfTax": "199000000", "ebit": "258000000", "ebitda": "371000000", "netIncome": "194000000"}, {"fiscalDateEnding": "2021-06-30", "reportedCurrency": "USD", "grossProfit": "485000000", "totalRevenue": "1527000000", "costOfRevenue": "1042000000", "costofGoodsAndServicesSold": "480000000", "operatingIncome": "549000000", "sellingGeneralAndAdministrative": "75000000", "researchAndDevelopment": "None", "operatingExpenses": "978000000", "investmentIncomeNet": "6000000", "netInterestIncome": "-39000000", "interestIncome": "6000000", "interestExpense": "39000000", "nonInterestIncome": "None", "otherNonOperatingIncome": "9000000", "depreciation": "None", "depreciationAndAmortization": "98000000", "incomeBeforeTax": "528000000", "incomeTaxExpense": "131000000", "interestAndDebtExpense": "39000000", "netIncomeFromContinuingOperations": "397000000", "comprehensiveIncomeNetOfTax": "404000000", "ebit": "567000000", "ebitda": "662000000", "netIncome": "397000000"}, {"fiscalDateEnding": "2021-03-31", "reportedCurrency": "USD", "grossProfit": "-167000000", "totalRevenue": "797000000", "costOfRevenue": "964000000", "costofGoodsAndServicesSold": "394000000", "operatingIncome": "-161000000", "sellingGeneralAndAdministrative": "66000000", "researchAndDevelopment": "None", "operatingExpenses": "958000000", "investmentIncomeNet": "7000000", "netInterestIncome": "-32000000", "interestIncome": "7000000", "interestExpense": "32000000", "nonInterestIncome": "None", "otherNonOperatingIncome": "10000000", "depreciation": "None", "depreciationAndAmortization": "97000000", "incomeBeforeTax": "-173000000", "incomeTaxExpense": "-42000000", "interestAndDebtExpense": "32000000", "netIncomeFromContinuingOperations": "-131000000", "comprehensiveIncomeNetOfTax": "-131000000", "ebit": "-141000000", "ebitda": "-47000000", "netIncome": "-131000000"}, {"fiscalDateEnding": "2020-12-31", "reportedCurrency": "USD", "grossProfit": "-674000000", "totalRevenue": "808000000", "costOfRevenue": "1482000000", "costofGoodsAndServicesSold": "321000000", "operatingIncome": "-595000000", "sellingGeneralAndAdministrative": "760000000", "researchAndDevelopment": "None", "operatingExpenses": "1403000000", "investmentIncomeNet": "8000000", "netInterestIncome": "-42000000", "interestIncome": "8000000", "interestExpense": "42000000", "nonInterestIncome": "None", "otherNonOperatingIncome": "1000000", "depreciation": "None", "depreciationAndAmortization": "100000000", "incomeBeforeTax": "-643000000", "incomeTaxExpense": "-196000000", "interestAndDebtExpense": "42000000", "netIncomeFromContinuingOperations": "-447000000", "comprehensiveIncomeNetOfTax": "-491000000", "ebit": "-595000000", "ebitda": "-512000000", "netIncome": "-447000000"}, {"fiscalDateEnding": "2020-09-30", "reportedCurrency": "USD", "grossProfit": "-491000000", "totalRevenue": "701000000", "costOfRevenue": "1192000000", "costofGoodsAndServicesSold": "308000000", "operatingIncome": "-571000000", "sellingGeneralAndAdministrative": "66000000", "researchAndDevelopment": "None", "operatingExpenses": "1272000000", "investmentIncomeNet": "7000000", "netInterestIncome": "-30000000", "interestIncome": "-23000000", "interestExpense": "30000000", "nonInterestIncome": "701000000", "otherNonOperatingIncome": "5000000", "depreciation": "None", "depreciationAndAmortization": "105000000", "incomeBeforeTax": "-589000000", "incomeTaxExpense": "-158000000", "interestAndDebtExpense": "30000000", "netIncomeFromContinuingOperations": "-431000000", "comprehensiveIncomeNetOfTax": "-423000000", "ebit": "-571000000", "ebitda": "-454000000", "netIncome": "-431000000"}, {"fiscalDateEnding": "2020-06-30", "reportedCurrency": "USD", "grossProfit": "-288000000", "totalRevenue": "421000000", "costOfRevenue": "709000000", "costofGoodsAndServicesSold": "216000000", "operatingIncome": "-288000000", "sellingGeneralAndAdministrative": "20000000", "researchAndDevelopment": "None", "operatingExpenses": "709000000", "investmentIncomeNet": "7000000", "netInterestIncome": "-16000000", "interestIncome": "1000000", "interestExpense": "17000000", "nonInterestIncome": "None", "otherNonOperatingIncome": "6000000", "depreciation": "None", "depreciationAndAmortization": "107000000", "incomeBeforeTax": "-291000000", "incomeTaxExpense": "-77000000", "interestAndDebtExpense": "16000000", "netIncomeFromContinuingOperations": "-214000000", "comprehensiveIncomeNetOfTax": "-190000000", "ebit": "-288000000", "ebitda": "-168000000", "netIncome": "-214000000"}, {"fiscalDateEnding": "2020-03-31", "reportedCurrency": "USD", "grossProfit": "218000000", "totalRevenue": "1636000000", "costOfRevenue": "1418000000", "costofGoodsAndServicesSold": "596000000", "operatingIncome": "-321000000", "sellingGeneralAndAdministrative": "62000000", "researchAndDevelopment": "None", "operatingExpenses": "1957000000", "investmentIncomeNet": "9000000", "netInterestIncome": "-10000000", "interestIncome": "3000000", "interestExpense": "13000000", "nonInterestIncome": "None", "otherNonOperatingIncome": "5000000", "depreciation": "None", "depreciationAndAmortization": "108000000", "incomeBeforeTax": "-317000000", "incomeTaxExpense": "-85000000", "interestAndDebtExpense": "10000000", "netIncomeFromContinuingOperations": "-232000000", "comprehensiveIncomeNetOfTax": "-249000000", "ebit": "-304000000", "ebitda": "-199000000", "netIncome": "-232000000"}, {"fiscalDateEnding": "2019-12-31", "reportedCurrency": "USD", "grossProfit": "-3000000", "totalRevenue": "2228000000", "costOfRevenue": "2231000000", "costofGoodsAndServicesSold": "697000000", "operatingIncome": "252000000", "sellingGeneralAndAdministrative": "891000000", "researchAndDevelopment": "None", "operatingExpenses": "1976000000", "investmentIncomeNet": "11000000", "netInterestIncome": "-18000000", "interestIncome": "11000000", "interestExpense": "18000000", "nonInterestIncome": "None", "otherNonOperatingIncome": "-6000000", "depreciation": "None", "depreciationAndAmortization": "106000000", "incomeBeforeTax": "243000000", "incomeTaxExpense": "62000000", "interestAndDebtExpense": "18000000", "netIncomeFromContinuingOperations": "181000000", "comprehensiveIncomeNetOfTax": "137000000", "ebit": "261000000", "ebitda": "363000000", "netIncome": "181000000"}, {"fiscalDateEnding": "2019-09-30", "reportedCurrency": "USD", "grossProfit": "942000000", "totalRevenue": "2389000000", "costOfRevenue": "1447000000", "costofGoodsAndServicesSold": "711000000", "operatingIncome": "422000000", "sellingGeneralAndAdministrative": "123000000", "researchAndDevelopment": "None", "operatingExpenses": "1967000000", "investmentIncomeNet": "11000000", "netInterestIncome": "-18000000", "interestIncome": "11000000", "interestExpense": "18000000", "nonInterestIncome": "None", "otherNonOperatingIncome": "-3000000", "depreciation": "None", "depreciationAndAmortization": "106000000", "incomeBeforeTax": "416000000", "incomeTaxExpense": "94000000", "interestAndDebtExpense": "18000000", "netIncomeFromContinuingOperations": "322000000", "comprehensiveIncomeNetOfTax": "323000000", "ebit": "434000000", "ebitda": "536000000", "netIncome": "322000000"}, {"fiscalDateEnding": "2019-06-30", "reportedCurrency": "USD", "grossProfit": "885000000", "totalRevenue": "2288000000", "costOfRevenue": "1403000000", "costofGoodsAndServicesSold": "697000000", "operatingIncome": "364000000", "sellingGeneralAndAdministrative": "131000000", "researchAndDevelopment": "None", "operatingExpenses": "1924000000", "investmentIncomeNet": "11000000", "netInterestIncome": "-20000000", "interestIncome": "11000000", "interestExpense": "20000000", "nonInterestIncome": "None", "otherNonOperatingIncome": "-7000000", "depreciation": "None", "depreciationAndAmortization": "105000000", "incomeBeforeTax": "351000000", "incomeTaxExpense": "89000000", "interestAndDebtExpense": "20000000", "netIncomeFromContinuingOperations": "262000000", "comprehensiveIncomeNetOfTax": "273000000", "ebit": "371000000", "ebitda": "473000000", "netIncome": "262000000"}, {"fiscalDateEnding": "2019-03-31", "reportedCurrency": "USD", "grossProfit": "551000000", "totalRevenue": "1876000000", "costOfRevenue": "1325000000", "costofGoodsAndServicesSold": "635000000", "operatingIncome": "25000000", "sellingGeneralAndAdministrative": "107000000", "researchAndDevelopment": "None", "operatingExpenses": "1851000000", "investmentIncomeNet": "9000000", "netInterestIncome": "-22000000", "interestIncome": "9000000", "interestExpense": "22000000", "nonInterestIncome": "None", "otherNonOperatingIncome": "-10000000", "depreciation": "None", "depreciationAndAmortization": "106000000", "incomeBeforeTax": "6000000", "incomeTaxExpense": "2000000", "interestAndDebtExpense": "22000000", "netIncomeFromContinuingOperations": "4000000", "comprehensiveIncomeNetOfTax": "19000000", "ebit": "28000000", "ebitda": "130000000", "netIncome": "4000000"}, {"fiscalDateEnding": "2018-12-31", "reportedCurrency": "USD", "grossProfit": "331000000", "totalRevenue": "2064000000", "costOfRevenue": "1733000000", "costofGoodsAndServicesSold": "749000000", "operatingIncome": "46000000", "sellingGeneralAndAdministrative": "403000000", "researchAndDevelopment": "None", "operatingExpenses": "2018000000", "investmentIncomeNet": "9000000", "netInterestIncome": "-20000000", "interestIncome": "None", "interestExpense": "20000000", "nonInterestIncome": "None", "otherNonOperatingIncome": "-3000000", "depreciation": "None", "depreciationAndAmortization": "108000000", "incomeBeforeTax": "36000000", "incomeTaxExpense": "13000000", "interestAndDebtExpense": "20000000", "netIncomeFromContinuingOperations": "23000000", "comprehensiveIncomeNetOfTax": "3000000", "ebit": "56000000", "ebitda": "160000000", "netIncome": "23000000"}, {"fiscalDateEnding": "2018-09-30", "reportedCurrency": "USD", "grossProfit": "640000000", "totalRevenue": "2212000000", "costOfRevenue": "1572000000", "costofGoodsAndServicesSold": "730000000", "operatingIncome": "297000000", "sellingGeneralAndAdministrative": "271000000", "researchAndDevelopment": "None", "operatingExpenses": "1915000000", "investmentIncomeNet": "11000000", "netInterestIncome": "-22000000", "interestIncome": "None", "interestExpense": "22000000", "nonInterestIncome": "None", "otherNonOperatingIncome": "-7000000", "depreciation": "None", "depreciationAndAmortization": "99000000", "incomeBeforeTax": "284000000", "incomeTaxExpense": "67000000", "interestAndDebtExpense": "22000000", "netIncomeFromContinuingOperations": "217000000", "comprehensiveIncomeNetOfTax": "224000000", "ebit": "306000000", "ebitda": "400000000", "netIncome": "217000000"}, {"fiscalDateEnding": "2018-06-30", "reportedCurrency": "USD", "grossProfit": "648000000", "totalRevenue": "2156000000", "costOfRevenue": "1508000000", "costofGoodsAndServicesSold": "662000000", "operatingIncome": "271000000", "sellingGeneralAndAdministrative": "263000000", "researchAndDevelopment": "None", "operatingExpenses": "1885000000", "investmentIncomeNet": "10000000", "netInterestIncome": "-25000000", "interestIncome": "None", "interestExpense": "25000000", "nonInterestIncome": "None", "otherNonOperatingIncome": "-1000000", "depreciation": "None", "depreciationAndAmortization": "97000000", "incomeBeforeTax": "259000000", "incomeTaxExpense": "66000000", "interestAndDebtExpense": "25000000", "netIncomeFromContinuingOperations": "193000000", "comprehensiveIncomeNetOfTax": "198000000", "ebit": "284000000", "ebitda": "377000000", "netIncome": "193000000"}, {"fiscalDateEnding": "2018-03-31", "reportedCurrency": "USD", "grossProfit": "325000000", "totalRevenue": "1832000000", "costOfRevenue": "1483000000", "costofGoodsAndServicesSold": "710000000", "operatingIncome": "29000000", "sellingGeneralAndAdministrative": "767000000", "researchAndDevelopment": "None", "operatingExpenses": "1803000000", "investmentIncomeNet": "8000000", "netInterestIncome": "-24000000", "interestIncome": "None", "interestExpense": "24000000", "nonInterestIncome": "None", "otherNonOperatingIncome": "-12000000", "depreciation": "None", "depreciationAndAmortization": "94000000", "incomeBeforeTax": "6000000", "incomeTaxExpense": "2000000", "interestAndDebtExpense": "24000000", "netIncomeFromContinuingOperations": "4000000", "comprehensiveIncomeNetOfTax": "6000000", "ebit": "30000000", "ebitda": "119000000", "netIncome": "4000000"}, {"fiscalDateEnding": "2017-12-31", "reportedCurrency": "USD", "grossProfit": "-7419000000", "totalRevenue": "1942000000", "costOfRevenue": "1525000000", "costofGoodsAndServicesSold": "638000000", "operatingIncome": "137000000", "sellingGeneralAndAdministrative": "857000000", "researchAndDevelopment": "None", "operatingExpenses": "1805000000", "investmentIncomeNet": "9000000", "netInterestIncome": "-26000000", "interestIncome": "None", "interestExpense": "26000000", "nonInterestIncome": "None", "otherNonOperatingIncome": "2000000", "depreciation": "None", "depreciationAndAmortization": "97000000", "incomeBeforeTax": "126000000", "incomeTaxExpense": "-189000000", "interestAndDebtExpense": "26000000", "netIncomeFromContinuingOperations": "373000000", "comprehensiveIncomeNetOfTax": "225000000", "ebit": "152000000", "ebitda": "268000000", "netIncome": "315000000"}, {"fiscalDateEnding": "2017-09-30", "reportedCurrency": "USD", "grossProfit": "747000000", "totalRevenue": "2110000000", "costOfRevenue": "1347000000", "costofGoodsAndServicesSold": "612000000", "operatingIncome": "427000000", "sellingGeneralAndAdministrative": "711000000", "researchAndDevelopment": "None", "operatingExpenses": "1683000000", "investmentIncomeNet": "9000000", "netInterestIncome": "-26000000", "interestIncome": "None", "interestExpense": "26000000", "nonInterestIncome": "None", "otherNonOperatingIncome": "2000000", "depreciation": "None", "depreciationAndAmortization": "95000000", "incomeBeforeTax": "417000000", "incomeTaxExpense": "158000000", "interestAndDebtExpense": "26000000", "netIncomeFromContinuingOperations": "266000000", "comprehensiveIncomeNetOfTax": "263000000", "ebit": "443000000", "ebitda": "543000000", "netIncome": "259000000"}, {"fiscalDateEnding": "2017-06-30", "reportedCurrency": "USD", "grossProfit": "801000000", "totalRevenue": "2102000000", "costOfRevenue": "1275000000", "costofGoodsAndServicesSold": "562000000", "operatingIncome": "487000000", "sellingGeneralAndAdministrative": "689000000", "researchAndDevelopment": "None", "operatingExpenses": "1615000000", "investmentIncomeNet": "9000000", "netInterestIncome": "-26000000", "interestIncome": "None", "interestExpense": "26000000", "nonInterestIncome": "None", "otherNonOperatingIncome": "0", "depreciation": "None", "depreciationAndAmortization": "90000000", "incomeBeforeTax": "474000000", "incomeTaxExpense": "181000000", "interestAndDebtExpense": "26000000", "netIncomeFromContinuingOperations": "296000000", "comprehensiveIncomeNetOfTax": "298000000", "ebit": "500000000", "ebitda": "591000000", "netIncome": "293000000"}, {"fiscalDateEnding": "2017-03-31", "reportedCurrency": "USD", "grossProfit": "453000000", "totalRevenue": "1740000000", "costOfRevenue": "1271000000", "costofGoodsAndServicesSold": "564000000", "operatingIncome": "157000000", "sellingGeneralAndAdministrative": "667000000", "researchAndDevelopment": "None", "operatingExpenses": "1583000000", "investmentIncomeNet": "7000000", "netInterestIncome": "-25000000", "interestIncome": "None", "interestExpense": "25000000", "nonInterestIncome": "None", "otherNonOperatingIncome": "-1000000", "depreciation": "None", "depreciationAndAmortization": "90000000", "incomeBeforeTax": "142000000", "incomeTaxExpense": "49000000", "interestAndDebtExpense": "25000000", "netIncomeFromContinuingOperations": "99000000", "comprehensiveIncomeNetOfTax": "99000000", "ebit": "167000000", "ebitda": "263000000", "netIncome": "93000000"}, {"fiscalDateEnding": "2016-12-31", "reportedCurrency": "USD", "grossProfit": "-5435000000", "totalRevenue": "1551000000", "costOfRevenue": "1061000000", "costofGoodsAndServicesSold": "393000000", "operatingIncome": "198000000", "sellingGeneralAndAdministrative": "587000000", "researchAndDevelopment": "None", "operatingExpenses": "1320000000", "investmentIncomeNet": "7000000", "netInterestIncome": "-22000000", "interestIncome": "None", "interestExpense": "22000000", "nonInterestIncome": "None", "otherNonOperatingIncome": "15000000", "depreciation": "None", "depreciationAndAmortization": "82000000", "incomeBeforeTax": "202000000", "incomeTaxExpense": "105000000", "interestAndDebtExpense": "22000000", "netIncomeFromContinuingOperations": "114000000", "comprehensiveIncomeNetOfTax": "76000000", "ebit": "224000000", "ebitda": "331000000", "netIncome": "97000000"}]}